@misc{lee2023teaching,
  title={Teaching Arithmetic to Small Transformers},
  author={Nayoung Lee and Kartik Sreenivasan and Jason D. Lee and Kangwook Lee and Dimitris Papailiopoulos},
  year={2023},
  eprint={2307.03381},
  archivePrefix={arXiv},
  primaryClass={cs.LG},

}

@misc{jelassi2023length,
  title={Length Generalization in Arithmetic Transformers},
  author={Samy Jelassi and Stéphane d'Ascoli and Carles Domingo-Enrich and Yuhuai Wu and Yuanzhi Li and François Charton},
  year={2023},
  eprint={2306.15400},
  archivePrefix={arXiv},
  primaryClass={cs.LG},

}


@misc{cho2024arithmetic,
  title={Arithmetic Transformers Can Length-Generalize in Both Operand Length and Count},
  author={Hanseul Cho and Jaeyoung Cha and Srinadh Bhojanapalli and Chulhee Yun},
  year={2024},
  eprint={2410.15787},
  archivePrefix={arXiv},
  primaryClass={cs.LG},

}


@misc{saxena2024teaching,
  title={Teaching Transformers Modular Arithmetic at Scale},
  author={Eshika Saxena and Alberto Alfarano and Emily Wenger and Kristin Lauter},
  year={2024},
  eprint={2410.03569},
  archivePrefix={arXiv},
  primaryClass={cs.LG},
  
}

@misc{nanogpt,
  title={Andrej Karpathy's lightweight implementation of GPTs},
  author={Andrej Karpathy},
  year={2022},
  publisher={GitHub},
  url={https://github.com/karpathy/nanoGPT},

}
